@MISC{github,
		keywords={appendix},
		HowPublished = "\url{https://github.com/FlySlime/Primes-GA}",
		Author = "GitHub",
		Title = "Primes GA"
}