@MISC{prime,
	HowPublished = "\url{https://en.wikipedia.org/wiki/Prime_number}",
	Author = "Wikimedia Foundation, Inc",
	Title = "Prime Number",
	Note = "Information taken 5 December, 2019"
}

@MISC{prime:test,
	HowPublished = "\url{https://en.wikipedia.org/wiki/Primality_test}",
	Author = "Wikimedia Foundation, Inc",
	Title = "Primality test",
	Note = "Information taken 7 January, 2020"
}

@MISC{prime:largest_digits,
	HowPublished = "\url{https://en.wikipedia.org/wiki/Largest_known_prime_number}",
	Author = "Wikimedia Foundation, Inc",
	Title = "Largest known prime number",
	Note = "Information taken 27 December, 2019"
}

@MISC{theorem:arithmetic,
	HowPublished = "\url{https://en.wikipedia.org/wiki/Fundamental_theorem_of_arithmetic}",
	Author = "Wikimedia Foundation, Inc",
	Title = "Fundamental theorem of arithmetic",
	Note = "Information taken 28 December, 2019"
}

@MISC{theorem:prime_num,
	HowPublished = "\url{https://en.wikipedia.org/wiki/Prime_number_theorem}",
	Author = "Wikimedia Foundation, Inc",
	Title = "Prime number theorem",
	Note = "Information taken 3 January, 2020"
}

@MISC{theorem:time_comp,
	HowPublished = "\url{https://en.wikipedia.org/wiki/Time_complexity}",
	Author = "Wikimedia Foundation, Inc",
	Title = "Time complexity",
	Note = "Information taken 3 January, 2020"
}

@MISC{theorem:big_O,
	HowPublished = "\url{https://en.wikipedia.org/wiki/Big_O_notation}",
	Author = "Wikimedia Foundation, Inc",
	Title = "Big O notation",
	Note = "Information taken 3 January, 2020"
}

@MISC{algh:binary_search,
	HowPublished = "\url{https://en.wikipedia.org/wiki/Binary_search_algorithm}",
	Author = "Wikimedia Foundation, Inc",
	Title = "Binary Search",
	Note = "Information taken 13 January, 2020"
}

@MISC{algh:probab,
	HowPublished = "\url{https://en.wikipedia.org/wiki/Randomized_algorithm}",
	Author = "Wikimedia Foundation, Inc",
	Title = "Randomized algorithm",
	Note = "Information taken 17 January, 2020"
}

@MISC{algh:determ,
	HowPublished = "\url{https://en.wikipedia.org/wiki/Deterministic_algorithm}",
	Author = "Wikimedia Foundation, Inc",
	Title = "Deterministic algorithm",
	Note = "Information taken 17 January, 2020"
}

@MISC{algh:fermat,
	HowPublished = "\url{https://en.wikipedia.org/wiki/Fermat_primality_test}",
	Author = "Wikimedia Foundation, Inc",
	Title = "Fermat primality test",
	Note = "Information taken 24 February, 2020"
}

@MISC{algh:miller,
	HowPublished = "\url{https://en.wikipedia.org/wiki/Miller\%E2\%80\%93Rabin_primality_test}",
	Author = "Wikimedia Foundation, Inc",
	Title = "Miller–Rabin primality test",
	Note = "Information taken 24 February, 2020"
}

@MISC{algh:lucas,
	HowPublished = "\url{https://en.wikipedia.org/wiki/Lucas\%E2\%80\%93Lehmer_primality_test}",
	Author = "Wikimedia Foundation, Inc",
	Title = "Lucas–Lehmer primality test",
	Note = "Information taken 26 February, 2020"
}

@MISC{python,
	HowPublished = "\url{https://www.python.org/}",
	Author = "Python Software Foundation",
	Title = "Python",
	Note = "Information taken 3 January, 2020"
}

@MISC{riemann,
	HowPublished = "\url{https://en.wikipedia.org/wiki/Generalized_Riemann_hypothesis#Extended_Riemann_hypothesis_(ERH)}",
	Author = "Wikimedia Foundation, Inc",
	Title = "Extended Riemann hypothesis",
	Note = "Information taken 9 March, 2020"
}

@MISC{fermat:little,
	HowPublished = "\url{https://en.wikipedia.org/wiki/Fermat\%27s_little_theorem}",
	Author = "Wikimedia Foundation, Inc",
	Title = "Fermat's little theorem",
	Note = "Information taken 9 March, 2020"
}

@MISC{GIMPS,
	HowPublished = "\url{
https://www.mersenne.org/
}",
	Author = "Mersenne Research, Inc.",
	Title = "Great Internet Mersenne Prime Search",
	Note = "Information taken 2 April, 2020"
}

@MISC{wikipedia,
	HowPublished = "\url{
https://en.wikipedia.org/wiki/Main_Page
}",
	Author = "Wikimedia Foundation, Inc",
	Title = "Wikipedia"
}

@MISC{rsa,
	HowPublished = "\url{
https://en.wikipedia.org/wiki/RSA_(cryptosystem)
}",
	Author = "Wikimedia Foundation, Inc",
	Title = "RSA (cryptosystem)",
	Note = "Information taken 25 April, 2020"
}